<record xmlns="http://www.loc.gov/MARC21/slim" xmlns:xsi="http://www.w3.org/2001/XMLSchema-instance" xsi:schemaLocation="http://www.loc.gov/MARC21/slim http://www.loc.gov/standards/marcxml/schema/MARC21slim.xsd">

  <leader>00852nam a2200229Ia 4500</leader>
  <datafield ind2=" " ind1=" " tag="999">
    <subfield code="c">2115</subfield>
    <subfield code="d">2115</subfield>
  </datafield>
  <controlfield tag="008">180822b1985    cr ||||| |||| 00| | spa d</controlfield>
  <datafield ind2=" " ind1=" " tag="090">
    <subfield code="a">14.02.02 </subfield>
    <subfield code="b">151</subfield>
  </datafield>
  <datafield tag="110" ind1=" " ind2=" ">
    <subfield code="a">Costa Rica. Ministerio de Planificación Nacional y Política Económica</subfield>
    <subfield code="9">2740</subfield>
  </datafield>
  <datafield ind1="1" ind2="0" tag="245">
    <subfield code="a">Proyecciones de población en edad escolar 0-24 años 1981-1991 : aspectos metodológicos / </subfield>
    <subfield code="c">Ministerio de Planificación Nacional y Política Económica.</subfield>
  </datafield>
  <datafield ind1=" " ind2=" " tag="260">
    <subfield code="a">San José, Costa Rica : </subfield>
    <subfield code="b">El Ministerio, </subfield>
    <subfield code="c">1985</subfield>
  </datafield>
  <datafield ind1=" " ind2=" " tag="300">
    <subfield code="a">56 páginas</subfield>
  </datafield>
  <datafield ind1=" " ind2=" " tag="500">
    <subfield code="a">Proyecto COS-79-POI</subfield>
  </datafield>
  <datafield tag="650" ind1="1" ind2="4">
    <subfield code="a">METODOLOGÍA</subfield>
    <subfield code="9">285</subfield>
  </datafield>
  <datafield ind1="1" ind2="4" tag="650">
    <subfield code="a">POBLACION EN EDAD ESCOLAR</subfield>
    <subfield code="9">4124</subfield>
  </datafield>
  <datafield tag="650" ind2="4" ind1="1">
    <subfield code="a">SEXO</subfield>
    <subfield code="9">39</subfield>
  </datafield>
  <datafield ind1="1" ind2="4" tag="650">
    <subfield code="a">TASA DE NATALIDAD</subfield>
    <subfield code="9">4099</subfield>
  </datafield>
  <datafield ind1="1" ind2="4" tag="650">
    <subfield code="a">TASA DE MORTALIDAD</subfield>
    <subfield code="9">4100</subfield>
  </datafield>
  <datafield tag="650" ind2="4" ind1="1">
    <subfield code="a">SUPERVIVENCIA INFANTIL</subfield>
    <subfield code="9">535</subfield>
  </datafield>
  <datafield ind2="4" ind1="1" tag="650">
    <subfield code="a">DATOS ESTADÍSTICOS</subfield>
    <subfield code="9">452</subfield>
  </datafield>
  <datafield ind2=" " ind1=" " tag="942">
    <subfield code="2">z</subfield>
    <subfield code="c">01</subfield>
  </datafield>
  <datafield ind2=" " ind1=" " tag="942">
    <subfield code="0">0120 </subfield>
    <subfield code="2">z</subfield>
  </datafield>
</record>